@article{henrick2005mapped,
  title     = {Mapped weighted essentially non-oscillatory schemes: achieving optimal order near critical points},
  author    = {Henrick, Andrew K and Aslam, Tariq D and Powers, Joseph M},
  journal   = {Journal of Computational Physics},
  volume    = {207},
  number    = {2},
  pages     = {542--567},
  year      = {2005},
  publisher = {Elsevier}
}

@article{jiang1996efficient,
  title     = {Efficient implementation of weighted ENO schemes},
  author    = {Jiang, Guang-Shan and Shu, Chi-Wang},
  journal   = {Journal of computational physics},
  volume    = {126},
  number    = {1},
  pages     = {202--228},
  year      = {1996},
  publisher = {Elsevier}
}

@article{hu1999weighted,
  title     = {Weighted essentially non-oscillatory schemes on triangular meshes},
  author    = {Hu, Changqing and Shu, Chi-Wang},
  journal   = {Journal of Computational Physics},
  volume    = {150},
  number    = {1},
  pages     = {97--127},
  year      = {1999},
  publisher = {Elsevier}
}

@book{2013Riemann,
  title     = {Riemann Solvers and Numerical Methods for Fluid Dynamics},
  author    = { Toro, E. F. },
  publisher = {Springer Berlin Heidelberg},
  pages     = {87-114},
  year      = {2013}
}